
@article{ramprasad2017,
  title = {Machine Learning in Materials Informatics: Recent Applications and Prospects},
  volume = {3},
  issn = {2057-3960},
  shorttitle = {Machine Learning in Materials Informatics},
  doi = {10.1038/s41524-017-0056-5},
  language = {en},
  number = {1},
  journal = {npj Computational Materials},
  author = {Ramprasad, Rampi and Batra, Rohit and Pilania, Ghanshyam and {Mannodi-Kanakkithodi}, Arun and Kim, Chiho},
  month = dec,
  year = {2017}
}

@article{ward2018,
  title = {Matminer: {{An}} Open Source Toolkit for Materials Data Mining},
  volume = {152},
  issn = {09270256},
  shorttitle = {Matminer},
  doi = {10/gdnbt5},
  language = {en},
  journal = {Computational Materials Science},
  author = {Ward, Logan and Dunn, Alexander and Faghaninia, Alireza and Zimmermann, Nils E.R. and Bajaj, Saurabh and Wang, Qi and Montoya, Joseph and Chen, Jiming and Bystrom, Kyle and Dylla, Maxwell and Chard, Kyle and Asta, Mark and Persson, Kristin A. and Snyder, G. Jeffrey and Foster, Ian and Jain, Anubhav},
  month = sep,
  year = {2018},
  pages = {60-69}
}

@book{james2013,
  address = {New York, NY},
  series = {Springer Texts in Statistics},
  title = {An {{Introduction}} to {{Statistical Learning}}},
  volume = {103},
  isbn = {978-1-4614-7137-0 978-1-4614-7138-7},
  language = {en},
  publisher = {{Springer New York}},
  author = {James, Gareth and Witten, Daniela and Hastie, Trevor and Tibshirani, Robert},
  year = {2013},
  doi = {10.1007/978-1-4614-7138-7}
}

@book{hastie2009,
  address = {New York, NY},
  edition = {2nd ed},
  series = {Springer series in statistics},
  title = {The {{Elements}} of {{Statistical Learning}}: {{Data Mining}}, {{Inference}}, and {{Prediction}}},
  isbn = {978-0-387-84857-0 978-0-387-84858-7},
  lccn = {Q325.5 .H39 2009},
  shorttitle = {The {{Elements}} of {{Statistical Learning}}},
  language = {en},
  publisher = {{Springer}},
  author = {Hastie, Trevor and Tibshirani, Robert and Friedman, J. H.},
  year = {2009},
  keywords = {Bioinformatics,Computational intelligence,Data mining,Forecasting,Inference,Machine learning,Methodology,Statistics}
}

@article{bengio2004,
  title = {No {{Unbiased Estimator}} of the {{Variance}} of {{K}}-{{Fold Cross}}-{{Validation}}},
  volume = {5},
  issn = {1532-4435},
  language = {en},
  journal = {Journal of Machine Learning Research},
  author = {Bengio, Yoshua and Grandvalet, Yves},
  month = dec,
  year = {2004},
  keywords = {_No DOI found,��No DOI found},
  pages = {1089-1105}
}

@article{cawley2010,
  title = {On {{Over}}-Fitting in {{Model Selection}} and {{Subsequent Selection Bias}} in {{Performance Evaluation}}},
  volume = {11},
  issn = {1532-4435},
  language = {en},
  journal = {Journal of Machine Learning Research},
  author = {Cawley, Gavin C and Talbot, Nicola L C},
  month = aug,
  year = {2010},
  keywords = {_No DOI found,��No DOI found},
  pages = {2079-2107}
}

@inproceedings{kohavi1995,
  address = {Montreal, Quebec, Canada},
  series = {IJCAI'95},
  title = {A {{Study}} of {{Cross Validation}} and {{Bootstrap}} for {{Accuracy Estimation}} and {{Model Selection}}},
  isbn = {1-55860-363-8},
  language = {en},
  booktitle = {Proceedings of the 14th {{International Joint Conference}} on {{Artificial Intelligence}} - {{Volume}} 2},
  publisher = {{Morgan Kaufmann Publishers Inc.}},
  author = {Kohavi, Ron},
  year = {1995},
  keywords = {_No DOI found},
  pages = {1137-1143}
}

@article{arlot2010,
  title = {A Survey of Cross-Validation Procedures for Model Selection},
  volume = {4},
  issn = {1935-7516},
  doi = {10/dk3ww4},
  language = {en},
  number = {0},
  journal = {Statistics Surveys},
  author = {Arlot, Sylvain and Celisse, Alain},
  year = {2010},
  pages = {40-79}
}

@article{borra2010,
  title = {Measuring the Prediction Error. {{A}} Comparison of Cross-Validation, Bootstrap and Covariance Penalty Methods},
  volume = {54},
  issn = {01679473},
  doi = {10.1016/j.csda.2010.03.004},
  language = {en},
  number = {12},
  journal = {Computational Statistics \& Data Analysis},
  author = {Borra, Simone and Di Ciaccio, Agostino},
  month = dec,
  year = {2010},
  pages = {2976-2989}
}

@article{ambroise2002,
  title = {Selection {{Bias}} in {{Gene Extraction}} on the {{Basis}} of {{Microarray Gene}}-{{Expression Data}}},
  volume = {99},
  issn = {0027-8424, 1091-6490},
  doi = {10/d9qxsm},
  language = {en},
  number = {10},
  journal = {Proceedings of the National Academy of Sciences},
  author = {Ambroise, C. and McLachlan, G. J.},
  month = may,
  year = {2002},
  pages = {6562-6566}
}

@article{nadeau2003,
  title = {Inference for the {{Generalization Error}}},
  volume = {52},
  issn = {0885-6125},
  doi = {10/fnhnff},
  language = {en},
  number = {3},
  journal = {Machine Learning},
  author = {Nadeau, Claude and Bengio, Yoshua},
  month = sep,
  year = {2003},
  keywords = {��No DOI found,cross-validation,generalization error,hypothesis tests,power,size,variance estimation},
  pages = {239-281}
}


